@book{tsiatis2006semiparametric,
  title={Semiparametric theory and missing data},
  author={Tsiatis, Anastasios A},
  year={2006},
  publisher={New York: Springer}
}

@book{niswander1972women,
  title={The women and their pregnancies: the Collaborative Perinatal Study of the National Institute of Neurological Diseases and Stroke},
  author={Niswander, Kenneth R and Gordon, Myron J and Gordon, Myron},
  volume={73},
  number={379},
  year={1972},
  publisher={National Institute of Health}
}

@article{dorie2019automated,
  title={Automated versus do-it-yourself methods for causal inference: Lessons learned from a data analysis competition},
  author={Dorie, Vincent and Hill, Jennifer and Shalit, Uri and Scott, Marc and Cervone, Dan},
  journal = {Statistical Science},
  volume = {34},
  issue = {1},
  page = {43--68},
  year={2019}
}

@article{gao2022DINA,
	abbr={DINA},
	title={Estimating Heterogeneous Treatment Effects for General Responses},
	author={Gao, Zijun and Hastie, Trevor},
	journal={submitted to Journal of the Royal Statistical Society: Series B},
	html={http://arxiv.org/abs/2103.04277},
	year={2022}
}


@article{hudson2023nonparametric,
  title={Nonparametric inference on non-negative dissimilarity measures at the boundary of the parameter space},
  author={Hudson, Aaron},
  journal={arXiv preprint arXiv:2306.07492},
  year={2023}
}

@article{chernozhukov2018double,
  title={Double/debiased machine learning for treatment and structural parameters},
  author={Chernozhukov, Victor and Chetverikov, Denis and Demirer, Mert and Duflo, Esther and Hansen, Christian and Newey, Whitney and Robins, James},
  year={2018},
  journal = {The Econometrics Journal},
  volume = {21},
  issue = {1},
  year = {2018},
  page = {C1--C68},
  publisher={Oxford University Press Oxford, UK}
}


@article{hines2022variable,
  title={Variable importance measures for heterogeneous causal effects},
  author={Hines, Oliver and Diaz-Ordaz, Karla and Vansteelandt, Stijn},
  journal={arXiv preprint arXiv:2204.06030},
  year={2022}
}


@article{kennedy2022semiparametric,
  title={Semiparametric doubly robust targeted double machine learning: a review},
  author={Kennedy, Edward H},
  journal={arXiv preprint arXiv:2203.06469},
  year={2022}
}

@article{robins2008higher,
  title={Higher order influence functions and minimax estimation of nonlinear functionals},
  author={Robins, James and Li, Lingling and Tchetgen, Eric and van der Vaart, Aad and others},
  booktitle={Probability and statistics: essays in honor of David A. Freedman},
  volume={2},
  pages={335--422},
  year={2008},
  publisher={Institute of Mathematical Statistics}
}

@article{rolling2014model,
  title={Model selection for estimating treatment effects},
  author={Rolling, Craig A and Yang, Yuhong},
  journal={Journal of the Royal Statistical Society Series B: Statistical Methodology},
  volume={76},
  number={4},
  pages={749--769},
  year={2014},
  publisher={Oxford University Press}
}

@book{van2000asymptotic,
  title={Asymptotic statistics},
  author={Van der Vaart, Aad W},
  volume={3},
  year={2000},
  publisher={Cambridge university press}
}

@inproceedings{alaa2019validating,
  title={Validating causal inference models via influence functions},
  author={Alaa, Ahmed and Van Der Schaar, Mihaela},
  booktitle={International Conference on Machine Learning},
  pages={191--201},
  year={2019},
  organization={PMLR}
}

 @inproceedings{curth2023search,
  title={In search of insights, not magic bullets: Towards demystification of the model selection dilemma in heterogeneous treatment effect estimation},
  author={Curth, Alicia and Van Der Schaar, Mihaela},
  booktitle={International Conference on Machine Learning},
  pages={6623--6642},
  year={2023},
  organization={PMLR}
}

@article{gao2021assessment,
	title={Assessment of heterogeneous treatment effect estimation accuracy via matching},
	author={Gao, Zijun and Hastie, Trevor and Tibshirani, Robert},
	journal={Statistics in Medicine},
	year={2021},
	publisher={Wiley Online Library},
	html = {https://onlinelibrary.wiley.com/doi/epdf/10.1002/sim.9010}
}

% SPRINT data
@misc{sprint2016systolic,
  title={Systolic blood pressure intervention trial (SPRINT) protocol},
  author={SPRINT Research Group and others},
  year={2016}
}

% ESL
@book{hastie2009elements,
  title={The elements of statistical learning: data mining, inference, and prediction},
  author={Hastie, Trevor and Tibshirani, Robert and Friedman, Jerome},
  year={2009},
  publisher={Springer Science \& Business Media}
}

% categorical data analysis
@article{argesti1996introduction,
  title={An introduction to categorical data analysis},
  author={Argesti, Alan},
  journal={University of Florida},
  year={1996}
}

% average minimal cost flow
@article{chen1995minimal,
  title={The minimal average cost flow problem},
  author={Chen, YL},
  journal={European journal of operational research},
  volume={81},
  number={3},
  pages={561--570},
  year={1995},
  publisher={Elsevier}
}

% matching review
@article{rosenbaum2019modern,
  title={Modern Algorithms for Matching in Observational Studies},
  author={Rosenbaum, Paul R},
  journal={Annual Review of Statistics and Its Application},
  volume={7},
  year={2019},
  publisher={Annual Reviews}
}

% full match
@article{rosenbaum1991characterization,
  title={A characterization of optimal designs for observational studies},
  author={Rosenbaum, Paul R},
  journal={Journal of the Royal Statistical Society: Series B (Methodological)},
  volume={53},
  number={3},
  pages={597--610},
  year={1991},
  publisher={Wiley Online Library}
}

% optmatch
@article{rosenbaum1989optimal,
  title={Optimal matching for observational studies},
  author={Rosenbaum, Paul R},
  journal={Journal of the American Statistical Association},
  volume={84},
  number={408},
  pages={1024--1032},
  year={1989},
  publisher={Taylor \& Francis Group}
}
% trees
@article{zeileis2008model,
	title={Model-based recursive partitioning},
	author={Zeileis, Achim and Hothorn, Torsten and Hornik, Kurt},
	journal={Journal of Computational and Graphical Statistics},
	volume={17},
	number={2},
	pages={492--514},
	year={2008},
	publisher={Taylor \& Francis}
}

% prognostic score matching
@article{rubin2000combining,
  title={Combining propensity score matching with additional adjustments for prognostic covariates},
  author={Rubin, Donald B and Thomas, Neal},
  journal={Journal of the American Statistical Association},
  volume={95},
  number={450},
  pages={573--585},
  year={2000},
  publisher={Taylor \& Francis Group}
}

@article{hansen2008prognostic,
  title={The prognostic analogue of the propensity score},
  author={Hansen, Ben B},
  journal={Biometrika},
  volume={95},
  number={2},
  pages={481--488},
  year={2008},
  publisher={Oxford University Press}
}

% synth-validation
@article{schuler2017synth,
  title={Synth-Validation: Selecting the Best Causal Inference Method for a Given Dataset},
  author={Schuler, Alejandro and Jung, Ken and Tibshirani, Robert and Hastie, Trevor and Shah, Nigam},
  journal={arXiv preprint arXiv:1711.00083},
  year={2017}
}

% validation of ATE
@article{cook2008three,
  title={Three conditions under which experiments and observational studies produce comparable causal estimates: New findings from within-study comparisons},
  author={Cook, Thomas D and Shadish, William R and Wong, Vivian C},
  journal={Journal of Policy Analysis and Management: The Journal of the Association for Public Policy Analysis and Management},
  volume={27},
  number={4},
  pages={724--750},
  year={2008},
  publisher={Wiley Online Library}
}

% propensity score matching
@article{rosenbaum1983central,
  title={The central role of the propensity score in observational studies for causal effects},
  author={Rosenbaum, Paul R and Rubin, Donald B},
  journal={Biometrika},
  volume={70},
  number={1},
  pages={41--55},
  year={1983},
  publisher={Oxford University Press}
}

% basic assumptions
@book{imbens2015causal,
  title={Causal inference in statistics, social, and biomedical sciences},
  author={Imbens, Guido W and Rubin, Donald B},
  year={2015},
  publisher={Cambridge University Press}
}

% potential outcome model
@article{rubin1974estimating,
  title={Estimating causal effects of treatments in randomized and nonrandomized studies},
  author={Rubin, Donald B},
  journal={Journal of Educational Psychology},
  volume={66},
  number={5},
  pages={688-701},
  year={1974},
  publisher={American Psychological Association}
}

@article{splawa1990application,
  title={On the application of probability theory to agricultural experiments. Essay on Principles, Section 9},
  author={Splawa-Neyman, Jerzy and Dabrowska, D.M. and Speed, T.P.},
  journal={Statistical Science},
  pages={465--472},
  year={1990},
  publisher={JSTOR}
}

% personalized medicine
@article{low2016comparing,
  title={Comparing high-dimensional confounder control methods for rapid cohort studies from electronic health records},
  author={Low, Yen Sia and Gallego, Blanca and Shah, Nigam Haresh},
  journal={Journal of comparative effectiveness research},
  volume={5},
  number={2},
  pages={179--192},
  year={2016},
  publisher={Future Medicine}
}

@article{lesko2007personalized,
  title={Personalized medicine: elusive dream or imminent reality?},
  author={Lesko, LJ},
  journal={Clinical Pharmacology and Therapeutics},
  volume={81},
  number={6},
  pages={807--816},
  year={2007},
  publisher={Wiley Online Library}
}

% personalized education policy
@book{murphy2016handbook,
  title={Handbook on personalized learning for states, districts, and schools},
  author={Murphy, Marilyn and Redding, Sam and Twyman, J.S.},
  year={2016},
  publisher={Center for Innovations in Learning, Philadelphia, PA}
}

% personalized recommendation
@inproceedings{bennett2007netflix,
  title={The netflix prize},
  author={Bennett, James and Lanning, Stan},
  booktitle={Proceedings of the KDD Cup Workshop},
  volume={2007},
  pages={3-6},
  year={2007},
  organization={New York, NY, USA.}
}


% machine learning tools for HTE estimation
% LASSO
@article{imai2013estimating,
  title={Estimating treatment effect heterogeneity in randomized program evaluation},
  author={Imai, Kosuke and Ratkovic, Marc and others},
  journal={The Annals of Applied Statistics},
  volume={7},
  number={1},
  pages={443--470},
  year={2013},
  publisher={Institute of Mathematical Statistics}
}


% causal random forest
@article{wager2018estimation,
  title={Estimation and inference of heterogeneous treatment effects using random forests},
  author={Wager, Stefan and Athey, Susan},
  journal={Journal of the American Statistical Association},
  volume={113},
  number={523},
  pages={1228--1242},
  year={2018},
  publisher={Taylor \& Francis}
}

% causal tree
@article{athey2016recursive,
  title={Recursive partitioning for heterogeneous causal effects},
  author={Athey, Susan and Imbens, Guido},
  journal={Proceedings of the National Academy of Sciences},
  volume={113},
  number={27},
  pages={7353--7360},
  year={2016},
  publisher={National Acad Sciences}
}
 
% boosting
@article{powers2018some,
  title={Some methods for heterogeneous treatment effect estimation in high dimensions},
  author={Powers, Scott and Qian, Junyang and Jung, Kenneth and Schuler, Alejandro and Shah, Nigam H and Hastie, Trevor and Tibshirani, Robert},
  journal={Statistics in medicine},
  volume={37},
  number={11},
  pages={1767--1787},
  year={2018},
  publisher={Wiley Online Library}
}

% neural network
@article{kunzel2018transfer,
  title={Transfer learning for estimating causal effects using neural networks},
  author={K{\"u}nzel, S{\"o}ren R and Stadie, Bradly C and Vemuri, Nikita and Ramakrishnan, Varsha and Sekhon, Jasjeet S and Abbeel, Pieter},
  journal={arXiv preprint arXiv:1808.07804},
  year={2018}
}


@article{tian2012simple,
  title={A simple method for detecting interactions between a treatment and a large number of covariates. Submitted on Dec 2012},
  author={Tian, L and Alizadeh, A and Gentles, A and Tibshirani, R},
  journal={arXiv preprint arXiv:1212.2995},
  year={2012}
}


@article{athey2015machine,
  title={Machine learning methods for estimating heterogeneous causal effects},
  author={Athey, Susan and Imbens, Guido W},
  journal={stat},
  volume={1050},
  number={5},
  year={2015}
}

@article {Kunzel4156,
	author = {K{\"u}nzel, S{\"o}ren R. and Sekhon, Jasjeet S. and Bickel, Peter J. and Yu, Bin},
	title = {Metalearners for estimating heterogeneous treatment effects using machine learning},
	volume = {116},
	number = {10},
	pages = {4156--4165},
	year = {2019},
	doi = {10.1073/pnas.1804597116},
	publisher = {National Academy of Sciences},
	issn = {0027-8424},
	URL = {https://www.pnas.org/content/116/10/4156},
	eprint = {https://www.pnas.org/content/116/10/4156.full.pdf},
	journal = {Proceedings of the National Academy of Sciences}
}